<record><leader>00000cas a2200000 a 4500</leader><controlfield tag="001">13433302</controlfield><controlfield tag="008">860415d19241951mouwr ne      0    0eng d</controlfield><datafield ind1=" " ind2=" " tag="010"><subfield code="a">sn 86063297 </subfield></datafield><datafield ind1=" " ind2=" " tag="040"><subfield code="a">KSH</subfield><subfield code="b">eng</subfield><subfield code="c">KSH</subfield><subfield code="d">NPT</subfield><subfield code="d">MQN</subfield><subfield code="d">OCL</subfield><subfield code="d">OCLCQ</subfield></datafield><datafield ind1=" " ind2=" " tag="042"><subfield code="a">msc</subfield></datafield><datafield ind1="0" ind2=" " tag="130"><subfield code="a">Reynolds County courier (Centerville, Mo.)</subfield></datafield><datafield ind1="1" ind2="0" tag="245"><subfield code="a">Reynolds County courier.</subfield></datafield><datafield ind1=" " ind2=" " tag="260"><subfield code="a">Centerville, Mo. :</subfield><subfield code="b">Courier Print. Co.,</subfield><subfield code="c">-1951.</subfield></datafield><datafield ind1=" " ind2=" " tag="300"><subfield code="a">v. :</subfield><subfield code="b">ill. ;</subfield><subfield code="c">51 cm.</subfield></datafield><datafield ind1=" " ind2=" " tag="310"><subfield code="a">Weekly</subfield></datafield><datafield ind1="1" ind2=" " tag="362"><subfield code="a">Began in 1924.</subfield><subfield code="z">Cf. Ayer, 1929.</subfield></datafield><datafield ind1="0" ind2=" " tag="362"><subfield code="a">-v. 28, no. 52 (Dec. 27, 1951).</subfield></datafield><datafield ind1=" " ind2=" " tag="588"><subfield code="a">Description based on: Vol. 3, no. 46 (Nov. 18, 1926).</subfield></datafield><datafield ind1=" " ind2=" " tag="752"><subfield code="a">United States</subfield><subfield code="b">Missouri</subfield><subfield code="c">Reynolds</subfield><subfield code="d">Centerville.</subfield></datafield><datafield ind1="0" ind2="7" tag="785"><subfield code="t">Ellington press</subfield><subfield code="w">(DLC)sn 89066478</subfield></datafield><datafield ind1="0" ind2="7" tag="785"><subfield code="t">Courier-press (Ellington, Mo.)</subfield><subfield code="w">(DLC)sn 89066479</subfield></datafield><datafield ind1="1" ind2=" " tag="029"><subfield code="a">AU@</subfield><subfield code="b">000022167823</subfield></datafield></record>